<?xml version="1.0" encoding="UTF-8"?><record xmlns="http://www.loc.gov/MARC21/slim" xmlns:cinclude="http://apache.org/cocoon/include/1.0" xmlns:zs="http://www.loc.gov/zing/srw/">
  <leader>00822cz  a2200193n  4500</leader>
  <controlfield tag="001">no2009125560</controlfield>
  <controlfield tag="003">DLC</controlfield>
  <controlfield tag="005">20161025075324.0</controlfield>
  <controlfield tag="008">090812n| azannaabn          |n aaa     c</controlfield>
  <datafield tag="010" ind1=" " ind2=" ">
    <subfield code="a">no2009125560</subfield>
  </datafield>
  <datafield tag="035" ind1=" " ind2=" ">
    <subfield code="a">(OCoLC)oca08203605</subfield>
  </datafield>
  <datafield tag="040" ind1=" " ind2=" ">
    <subfield code="a">IEN</subfield>
    <subfield code="b">eng</subfield>
    <subfield code="e">rda</subfield>
    <subfield code="c">IEN</subfield>
    <subfield code="d">MWalB</subfield>
  </datafield>
  <datafield tag="046" ind1=" " ind2=" ">
    <subfield code="f">1984</subfield>
    <subfield code="2">edtf</subfield>
  </datafield>
  <datafield tag="100" ind1="1" ind2=" ">
    <subfield code="a">Izen, Shulamit,</subfield>
    <subfield code="d">1984-</subfield>
  </datafield>
  <datafield tag="373" ind1=" " ind2=" ">
    <subfield code="a">Reconstructionist Rabbinical College (Wyncote, Pa.)</subfield>
    <subfield code="a">Brown University</subfield>
    <subfield code="2">naf</subfield>
  </datafield>
  <datafield tag="374" ind1=" " ind2=" ">
    <subfield code="a">Rabbis</subfield>
    <subfield code="2">lcdgt</subfield>
  </datafield>
  <datafield tag="670" ind1=" " ind2=" ">
    <subfield code="a">Hineini, c2005:</subfield>
    <subfield code="b">screen credit (Shulamit Izen)</subfield>
  </datafield>
  <datafield tag="670" ind1=" " ind2=" ">
    <subfield code="a">Jewish Women's Archive website, Aug. 12, 2009</subfield>
    <subfield code="b">(Shulamit Izen, Jewish lesbian youth activist; b. 1984)</subfield>
  </datafield>
  <datafield tag="670" ind1=" " ind2=" ">
    <subfield code="a">Linkedin, Oct. 24, 2016</subfield>
    <subfield code="b">(Rabbi Shulamit Izen, BCC; educated at Reconstructionist Rabbinical College, Brown University)</subfield>
    <subfield code="u">https://www.linkedin.com/in/rabbi-shulamit-izen-bcc-aa463648</subfield>
  </datafield>
</record>